
@article{Vaswani17,
  title={Attention is all you need},
  author={Vaswani, Ashish and Shazeer, Noam and Parmar, Niki and Uszkoreit, Jakob and Jones, Llion and Gomez, Aidan N and Kaiser, Lukasz and Polosukhin, Illia},
  journal={arXiv preprint arXiv:1706.03762},
  year={2017}
}

@article{Devlin18,
  title={Bert: Pre-training of deep bidirectional transformers for language understanding},
  author={Devlin, Jacob and Chang, Ming-Wei and Lee, Kenton and Toutanova, Kristina},
  journal={arXiv preprint arXiv:1810.04805},
  year={2018}
}

@article{Yang19,
  title={Xlnet: Generalized autoregressive pretraining for language understanding},
  author={Yang, Zhilin and Dai, Zihang and Yang, Yiming and Carbonell, Jaime and Salakhutdinov, Ruslan and Le, Quoc V},
  journal={arXiv preprint arXiv:1906.08237},
  year={2019}
}

@article{Liu19,
  title={Roberta: A robustly optimized bert pretraining approach},
  author={Liu, Yinhan and Ott, Myle and Goyal, Naman and Du, Jingfei and Joshi, Mandar and Chen, Danqi and Levy, Omer and Lewis, Mike and Zettlemoyer, Luke and Stoyanov, Veselin},
  journal={arXiv preprint arXiv:1907.11692},
  year={2019}
}

@article{Dosovitskiy20,
  title={An image is worth 16x16 words: Transformers for image recognition at scale},
  author={Dosovitskiy, Alexey and Beyer, Lucas and Kolesnikov, Alexander and Weissenborn, Dirk and Zhai, Xiaohua and Unterthiner, Thomas and Dehghani, Mostafa and Minderer, Matthias and Heigold, Georg and Gelly, Sylvain and others},
  journal={arXiv preprint arXiv:2010.11929},
  year={2020}
}

@article{Wang21,
  title={Pyramid Vision Transformer: A Versatile Backbone for Dense Prediction without Convolutions},
  author={Wang, Wenhai and Xie, Enze and Li, Xiang and Fan, Deng-Ping and Song, Kaitao and Liang, Ding and Lu, Tong and Luo, Ping and Shao, Ling},
  journal={arXiv preprint arXiv:2102.12122},
  year={2021}
}

@inproceedings{He16,
  title={Deep residual learning for image recognition},
  author={He, Kaiming and Zhang, Xiangyu and Ren, Shaoqing and Sun, Jian},
  booktitle={Proceedings of the IEEE conference on computer vision and pattern recognition},
  pages={770--778},
  year={2016}
}

@article{Sagonas16,
  title={300 faces in-the-wild challenge: Database and results},
  author={Sagonas, Christos and Antonakos, Epameinondas and Tzimiropoulos, Georgios and Zafeiriou, Stefanos and Pantic, Maja},
  journal={Image and vision computing},
  volume={47},
  pages={3--18},
  year={2016},
  publisher={Elsevier}
}

@inproceedings{Sagonas13a,
  title={300 faces in-the-wild challenge: The first facial landmark localization challenge},
  author={Sagonas, Christos and Tzimiropoulos, Georgios and Zafeiriou, Stefanos and Pantic, Maja},
  booktitle={Proceedings of the IEEE International Conference on Computer Vision Workshops},
  pages={397--403},
  year={2013}
}

@inproceedings{Sagonas13b,
  title={A semi-automatic methodology for facial landmark annotation},
  author={Sagonas, Christos and Tzimiropoulos, Georgios and Zafeiriou, Stefanos and Pantic, Maja},
  booktitle={Proceedings of the IEEE conference on computer vision and pattern recognition workshops},
  pages={896--903},
  year={2013}
}

@article{Khabarlak21,
  title={Fast Facial Landmark Detection and Applications: A Survey},
  author={Khabarlak, Kostiantyn and Koriashkina, Larysa},
  journal={arXiv preprint arXiv:2101.10808},
  year={2021}
}

@inproceedings{Kumra17,
  author = {Kumra, Sulabh and Kanan, Christopher},
  year = {2017},
  month = {09},
  pages = {},
  title = {Robotic Grasp Detection using Deep Convolutional Neural Networks},
  doi = {10.1109/IROS.2017.8202237}
}

@article{Li17,
  title={Visualizing the loss landscape of neural nets},
  author={Li, Hao and Xu, Zheng and Taylor, Gavin and Studer, Christoph and Goldstein, Tom},
  journal={arXiv preprint arXiv:1712.09913},
  year={2017}
}

